@book{counterexamples,
  title={Counterexamples in Analysis},
  author={Gelbaum, B.R. and Olmsted, J.M.H.},
  isbn={9780486428758},
  lccn={64021715},
  series={Dover Books on Mathematics},
  url={https://pdfs.semanticscholar.org/a4e7/eb352e4c44bf75d8fabaf7594494151cb322.pdf},
  year={2003},
  publisher={Dover Publications}
}
